@article {1,
    author = {L. Vandenberghe; S. Boyd},
    title = {Semidefinite Programming},
    journal = {SIAM Review},
    volume = {38},
    number = {1},
    pages = {49--95},
    year = {March 1996},
    url = {http://stanford.edu/~boyd/papers/sdp.html}
}

@article{2,
    author = {A. Doherty; P. Parrilo; F. Spedalieri},
    title = {Distinguishing separable and entangled states},
    journal = {Physical Review Letters},
    volume = {88},
    number = {18, 187904},
    year = {2002},
    url = {https://arxiv.org/abs/quant-ph/0112007}
}

@article{3,
    author = {A. Doherty; P. Parrilo; F. Spedalieri},
    title = {A complete family of separability criteria},
    journal = {Phys. Rev. A},
    volume = {69},
    number = {022308},
    year = {2004},
    url = {https://arxiv.org/abs/quant-ph/0308032}
}

@article{rh,
    author = {R. Horodecki; P. Horodecki; M. Horodecki; K. Horodecki},
    title = {Quantum entanglement},
    journal = {Revievs of Modern Physics},
    volume = {81},
    number = {865},
    year = {2009},
    url = {arXiv:quant-ph/0702225v2}
}

@book{bertlmann,
    author = {R. A. Bertlmann},
    title = {Theoretical Physics T2, Quantum Mechanics},
    url = {https://www.univie.ac.at/physikwiki/images/a/a0/T2_Skript_final.pdf}
}

@book{szpikowski,
    author = {S. Szpikowski},
    title = {Podstawy Mechaniki Kwantowej},
    publisher = {Wydawnictwo Uniwersytetu Marii Curie-Skłodowskiej},
    address = {Lublin},
    year = {2011}
}

@book{hirvensalo,
    author = {M. Hirvensalo},
    title = {Algorytmy kwantowe},
    publisher = {Wydawnictwa Szkolne i Pedagogiczne Spółka Akcyjna},
    address = {Warszawa},
    year = {2004}
}

@book{boyd,
    author = {S. Boyd; L. Vandenberghe},
    title = {Convex Optimization},
    publisher = {Cambridge University Press},
    address = {Cambridge},
    year = {2004}
}

@book{shankar,
    author = {R. Shankar},
    title = {Mechanika kwantowa},
    publisher = {Wydawnictwo Naukowe PWN},
    address = {Warszawa},
    year = {2007}
}

@book{nielsen,
    author = {M. A. Nielsen; I. L. Chuang},
    title = {Quantum Computation and Quantum Information},
    publisher = {Cambridge University Press},
    address = {Cambridge},
    year = {2000}
}

@book{kryszewski,
    author = {S. Kryszewski},
    title = {Mechanika kwantowa -- skrypt dla studentów III roku fizyki}
}

@misc{sedumi,
    author = {Wu-Sheng Lu},
    title = {Use SeDuMi to Solve LP, SDP and SCOP Problems: Remarks and Examples},
    url = {http://www.ece.uvic.ca/~wslu/Talk.html}
}
